00580cas a22002291a 4500
001 9917737713502836
003 Nz
005 20161223172953.0
008 040106d1916uuuunz  r ne      0   0 mao d
035    $a (Nz)8163603
035    $a (OCoLC)947774551
035    $a (NLNZils)1773771
035    $a (NLNZils)1773771-ilsdb
040    $a WN $c WN
042    $a nznb
043    $a u-nz---
245 00 $a Konga-peke-e-maha.
260    $a Tauranga [N.Z.]
362 0  $a 1916 Feb.19-?
500    $a Sommerville 1135.
651  0 $a Tauranga (N.Z.) $v Newspapers.
655  7 $a New Zealand newspapers. $2 local $5 Nz
